<?xml version="1.0" encoding="UTF-8"?><record xmlns="http://www.loc.gov/MARC21/slim" xmlns:cinclude="http://apache.org/cocoon/include/1.0" xmlns:zs="http://www.loc.gov/zing/srw/">
  <leader>00483cz  a2200121n  4500</leader>
  <controlfield tag="001">n 2011049564</controlfield>
  <controlfield tag="003">DLC</controlfield>
  <controlfield tag="005">20110723075014.0</controlfield>
  <controlfield tag="008">110722n| acannaabn          |n aaa      </controlfield>
  <datafield tag="010" ind1=" " ind2=" ">
    <subfield code="a">n 2011049564</subfield>
  </datafield>
  <datafield tag="040" ind1=" " ind2=" ">
    <subfield code="a">DLC</subfield>
    <subfield code="b">eng</subfield>
    <subfield code="c">DLC</subfield>
  </datafield>
  <datafield tag="100" ind1="1" ind2=" ">
    <subfield code="a">Mandelli, Riccardo</subfield>
  </datafield>
  <datafield tag="670" ind1=" " ind2=" ">
    <subfield code="a">L'ultimo sultano, 2011:</subfield>
    <subfield code="b">t.p. (Riccardo Mandelli) p. 4 of cover (studied veterinary medicine &amp; philosophy; lived for a number of years in Germany; teacher of history and of philosophy; special focus on narratives for youth)</subfield>
  </datafield>
</record>